@inproceedings{meltdown,
  author    = {{Moritz Lipp, Michael Schwarz, Daniel Gruss, Thomas Prescher,
                Werner Haas, Stefan Mangard, Paul Kocher, Daniel Genkin,
                Yuval Yarom, Mike Hamburg}},
  title     = {Meltdown},
  journal   = {CoRR'18},
  year      = {2018},
}

@inproceedings{spectre,
  author    = {{Paul Kocher, Daniel Genkin, Daniel Gruss, Werner Haas,
                Mike Hamburg, Moritz Lipp, Stefan Mangard, Thomas Prescher,
                Michael Schwarz, Yuval Yarom}},
  title     = {Spectre Attacks: Exploiting Speculative Execution},
  journal   = {CoRR'18},
  year      = {2018},
}

@inproceedings{rowhammergeneral,
  author    = {{Yoongu Kim, Ross Daly, Jeremie Kim, Chris Fallin, Ji-Hye Lee,
               Donghyuk Lee, Chris Wilkerson, Konrad Lai, Onur Mutlu}},
  title     = {Flipping bits in memory without accessing them: An experimental
              study of {DRAM} disturbance errors},
  booktitle = {ISCA'14},
  year      = {2014},
}

@online{projectzerorow,
  author={{Project Zero}},
  title={Exploiting the DRAM rowhammer bug to gain kernel privileges},
  url={
https://googleprojectzero.blogspot.com/2015/03/exploiting-dram-rowhammer-bug-to-
gain.html},
  note={(visited 08.08.2018)},
}

@inproceedings{flipinthewall,
  author    = {{Daniel Gruss, Moritz Lipp, Michael Schwarz, Daniel Genkin,
                Jonas Juffinger, Sioli O'Connell, Wolfgang Schoechl,
                Yuval Yarom}},
  title     = {Another Flip in the Wall of Rowhammer Defenses},
  booktitle = {CoRR'17},
  year      = {2017},
}

@inproceedings{drammer,
  author    = {{Victor van der Veen, Yanick Fratantonio, Martina Lindorfer,
                Daniel Gruss, Clémentine Maurice, Giovanni Vigna, Herbert Bos,
                Kaveh Razavi, Cristiano Giuffrida}},
  title     = {Drammer: Deterministic Rowhammer Attacks on Mobile Platforms},
  booktitle = {SIGSAC'16},
  year      = {2016},
}

@inproceedings{nethammer,
  author    = {{Moritz Lipp, Misiker Tadesse Aga, Michael Schwarz, Daniel Gruss,
                Clémentine Maurice, Lukas Raab, Lukas Lamster}},
  title     = {Nethammer: Inducing Rowhammer Faults through Network Requests},
  booktitle = {CoRR'18},
  year      = {2018},
}

@online{bbcmeltdown,
  author={Chris Baraniuk, Mark Ward},
  title={Meltdown and Spectre: How chip hacks work},
  url={https://www.bbc.com/news/technology-42564461},
  note={(visited 06.09.2018)},
}

@online{nbcmeltdown,
  author={Alyssa Newcomb},
  title={Meltdown, Spectre chip flaws raise questions about hardware security},
  url={https://www.nbcnews.com/tech/security/meltdown-spectre-chip-flaws-raise-questions-about-hardware-security-n834701},
  note={(visited 06.09.2018)},
}
Meltdown&quot;, &quot;Spectre&quot;: F


@online{orfmeltdown,
  author={Alyssa Newcomb},
  title={Meltdown, Spectre: Forscher schockiert von Sicherheitslücken},
  url={https://newsv2.orf.at/stories/2421147},
  note={(visited 06.09.2018)},
}

@inproceedings{rowhammerjs,
  author    = {{Daniel Gruss, Clémentine Maurice, Stefan Mangard}},
  title     = {Rowhammer.js: A Remote Software-Induced Fault Attack in
               JavaScript},
  booktitle = {DIMVA'16},
  year      = {2016}
}