@article{rowhammerjs,
  author    = {Daniel Gruss and
               Cl{\'{e}}mentine Maurice and
               Stefan Mangard},
  title     = {Rowhammer.js: {A} Remote Software-Induced Fault Attack in JavaScript},
  journal   = {CoRR},
  volume    = {abs/1507.06955},
  year      = {2015},
  url       = {http://arxiv.org/abs/1507.06955},
  archivePrefix = {arXiv},
  eprint    = {1507.06955},
  timestamp = {Wed, 07 Jun 2017 14:41:05 +0200},
  biburl    = {https://dblp.org/rec/bib/journals/corr/GrussMM15},
  bibsource = {dblp computer science bibliography, https://dblp.org}
}

@article{rowhammeranal,
  author    = {Yoongu Kim and
               Ross Daly and
               Jeremie Kim and
               Chris Fallin and
               Ji{-}Hye Lee and
               Donghyuk Lee and
               Chris Wilkerson and
               Konrad Lai and
               Onur Mutlu},
  title     = {RowHammer: Reliability Analysis and Security Implications},
  journal   = {CoRR},
  volume    = {abs/1603.00747},
  year      = {2016},
  url       = {http://arxiv.org/abs/1603.00747},
  archivePrefix = {arXiv},
  eprint    = {1603.00747},
  timestamp = {Wed, 07 Jun 2017 14:43:14 +0200},
  biburl    = {https://dblp.org/rec/bib/journals/corr/KimDKFLLWLM16},
  bibsource = {dblp computer science bibliography, https://dblp.org}
}

@inproceedings{drammer,
  author    = {Victor van der Veen and
               Yanick Fratantonio and
               Martina Lindorfer and
               Daniel Gruss and
               Cl{\'{e}}mentine Maurice and
               Giovanni Vigna and
               Herbert Bos and
               Kaveh Razavi and
               Cristiano Giuffrida},
  title     = {Drammer: Deterministic Rowhammer Attacks on Mobile Platforms},
  booktitle = {Proceedings of the 2016 {ACM} {SIGSAC} Conference on Computer and
               Communications Security, Vienna, Austria, October 24-28, 2016},
  pages     = {1675--1689},
  year      = {2016},
  crossref  = {DBLP:conf/ccs/2016},
  url       = {http://doi.acm.org/10.1145/2976749.2978406},
  doi       = {10.1145/2976749.2978406},
  timestamp = {Thu, 15 Jun 2017 21:42:46 +0200},
  biburl    = {https://dblp.org/rec/bib/conf/ccs/VeenFLGMVBRG16},
  bibsource = {dblp computer science bibliography, https://dblp.org}
}

@article{flipinthewall,
  author    = {Daniel Gruss and
               Moritz Lipp and
               Michael Schwarz and
               Daniel Genkin and
               Jonas Juffinger and
               Sioli O'Connell and
               Wolfgang Schoechl and
               Yuval Yarom},
  title     = {Another Flip in the Wall of Rowhammer Defenses},
  journal   = {CoRR},
  volume    = {abs/1710.00551},
  year      = {2017},
  url       = {http://arxiv.org/abs/1710.00551},
  archivePrefix = {arXiv},
  eprint    = {1710.00551},
  timestamp = {Thu, 04 Jan 2018 07:02:51 +0100},
  biburl    = {https://dblp.org/rec/bib/journals/corr/abs-1710-00551},
  bibsource = {dblp computer science bibliography, https://dblp.org}
}
